@article{pearson1901liii,
  title={LIII. On lines and planes of closest fit to systems of points in space},
  author={Pearson, Karl},
  journal={The London, Edinburgh, and Dublin Philosophical Magazine and Journal of Science},
  volume={2},
  number={11},
  pages={559--572},
  year={1901},
  publisher={Taylor \& Francis}
}

@inproceedings{nutanong2013adaptive,
  title={Adaptive exploration for large-scale protein analysis in the molecular dynamics database},
  author={Nutanong, Sarana and Carey, Nick and Ahmad, Yanif and Szalay, Alex S and Woolf, Thomas B},
  booktitle={Proceedings of the 25th International Conference on Scientific and Statistical Database Management},
  pages={45},
  year={2013},
  organization={ACM}
}

@article{tsuda2005fast,
  title={Fast protein classification with multiple networks},
  author={Tsuda, Koji and Shin, Hyunjung and Sch{\"o}lkopf, Bernhard},
  journal={Bioinformatics},
  volume={21},
  number={suppl 2},
  pages={ii59--ii65},
  year={2005},
  publisher={Oxford Univ Press}
}

@article{cheng2006machine,
  title={A machine learning information retrieval approach to protein fold recognition},
  author={Cheng, Jianlin and Baldi, Pierre},
  journal={Bioinformatics},
  volume={22},
  number={12},
  pages={1456--1463},
  year={2006},
  publisher={Oxford Univ Press}
}

@incollection{diplaris2005protein,
  title={Protein classification with multiple algorithms},
  author={Diplaris, Sotiris and Tsoumakas, Grigorios and Mitkas, Pericles A and Vlahavas, Ioannis},
  booktitle={Advances in Informatics},
  pages={448--456},
  year={2005},
  publisher={Springer}
}

@article{vincent2010stacked,
  title={Stacked denoising autoencoders: Learning useful representations in a deep network with a local denoising criterion},
  author={Vincent, Pascal and Larochelle, Hugo and Lajoie, Isabelle and Bengio, Yoshua and Manzagol, Pierre-Antoine},
  journal={The Journal of Machine Learning Research},
  volume={11},
  pages={3371--3408},
  year={2010},
  publisher={JMLR. org}
}

@article{carugo2001normalized,
  title={A normalized root-mean-spuare distance for comparing protein three-dimensional structures},
  author={Carugo, Oliviero and Pongor, S{\'a}ndor},
  journal={Protein science},
  volume={10},
  number={7},
  pages={1470--1473},
  year={2001},
  publisher={Wiley Online Library}
}

@article{hinton1994autoencoders,
  title={Autoencoders, minimum description length, and Helmholtz free energy},
  author={Hinton, Geoffrey E and Zemel, Richard S},
  journal={Advances in neural information processing systems},
  pages={3--3},
  year={1994},
  publisher={MORGAN KAUFMANN PUBLISHERS}
}

@article{vincent2010stacked,
  title={Stacked denoising autoencoders: Learning useful representations in a deep network with a local denoising criterion},
  author={Vincent, Pascal and Larochelle, Hugo and Lajoie, Isabelle and Bengio, Yoshua and Manzagol, Pierre-Antoine},
  journal={The Journal of Machine Learning Research},
  volume={11},
  pages={3371--3408},
  year={2010},
  publisher={JMLR. org}
}

@inproceedings{vincent2008extracting,
  title={Extracting and composing robust features with denoising autoencoders},
  author={Vincent, Pascal and Larochelle, Hugo and Bengio, Yoshua and Manzagol, Pierre-Antoine},
  booktitle={Proceedings of the 25th international conference on Machine learning},
  pages={1096--1103},
  year={2008},
  organization={ACM}
}

@article{bengio2007greedy,
  title={Greedy layer-wise training of deep networks},
  author={Bengio, Yoshua and Lamblin, Pascal and Popovici, Dan and Larochelle, Hugo and others},
  journal={Advances in neural information processing systems},
  volume={19},
  pages={153},
  year={2007},
  publisher={MIT; 1998}
}

@inproceedings{dean2012large,
  title={Large scale distributed deep networks},
  author={Dean, Jeffrey and Corrado, Greg and Monga, Rajat and Chen, Kai and Devin, Matthieu and Mao, Mark and Senior, Andrew and Tucker, Paul and Yang, Ke and Le, Quoc V and others},
  booktitle={Advances in Neural Information Processing Systems},
  pages={1223--1231},
  year={2012}
}

@inproceedings{chilimbi2014project,
  title={Project adam: Building an efficient and scalable deep learning training system},
  author={Chilimbi, Trishul and Suzue, Yutaka and Apacible, Johnson and Kalyanaraman, Karthik},
  booktitle={11th USENIX Symposium on Operating Systems Design and Implementation (OSDI 14)},
  pages={571--582},
  year={2014}
}

@book{avriel2003nonlinear,
  title={Nonlinear programming: analysis and methods},
  author={Avriel, Mordecai},
  year={2003},
  publisher={Courier Corporation}
}

@article{ding2001multi,
  title={Multi-class protein fold recognition using support vector machines and neural networks},
  author={Ding, Chris HQ and Dubchak, Inna},
  journal={Bioinformatics},
  volume={17},
  number={4},
  pages={349--358},
  year={2001},
  publisher={Oxford Univ Press}
}

@article{hochreiter1997long,
  title={Long short-term memory},
  author={Hochreiter, Sepp and Schmidhuber, J{\"u}rgen},
  journal={Neural computation},
  volume={9},
  number={8},
  pages={1735--1780},
  year={1997},
  publisher={MIT Press}
}

@article{lang1990time,
  title={A time-delay neural network architecture for isolated word recognition},
  author={Lang, Kevin J and Waibel, Alex H and Hinton, Geoffrey E},
  journal={Neural networks},
  volume={3},
  number={1},
  pages={23--43},
  year={1990},
  publisher={Elsevier}
}

@inproceedings{mikolov2010recurrent,
  title={Recurrent neural network based language model.},
  author={Mikolov, Tomas and Karafi{\'a}t, Martin and Burget, Lukas and Cernock{\`y}, Jan and Khudanpur, Sanjeev},
  booktitle={INTERSPEECH 2010, 11th Annual Conference of the International Speech Communication Association, Makuhari, Chiba, Japan, September 26-30, 2010},
  pages={1045--1048},
  year={2010}
}

@inproceedings{graves2013speech,
  title={Speech recognition with deep recurrent neural networks},
  author={Graves, Alan and Mohamed, Abdel-rahman and Hinton, Geoffrey},
  booktitle={Acoustics, Speech and Signal Processing (ICASSP), 2013 IEEE International Conference on},
  pages={6645--6649},
  year={2013},
  organization={IEEE}
}

@article{hotelling1936relations,
  title={Relations between two sets of variates},
  author={Hotelling, Harold},
  journal={Biometrika},
  pages={321--377},
  year={1936},
  publisher={JSTOR}
}